<collection xmlns="http://www.loc.gov/MARC21/slim">
<record>
  <leader>01214nam0a22002051i 450 </leader>
  <controlfield tag="001">IT\ICCU\CNCE\059334</controlfield>
  <controlfield tag="005">20180601000000.0</controlfield>
  <datafield tag="012" ind1=" " ind2=" ">
    <subfield code="a">un,+ o.s- i.oi pesi (3) 1568 (R)</subfield>
    <subfield code="2">fei</subfield>
  </datafield>
  <datafield tag="100" ind1=" " ind2=" ">
    <subfield code="a">20041006d1568        0itac0103    ba</subfield>
  </datafield>
  <datafield tag="101" ind1=" " ind2=" ">
    <subfield code="a">ITA</subfield>
  </datafield>
  <datafield tag="102" ind1=" " ind2=" ">
    <subfield code="a">IT</subfield>
  </datafield>
  <datafield tag="200" ind1="1" ind2=" ">
    <subfield code="a">Constitutioni sinodali della chiesa metropolitana di Salerno. Publicate et approuate nel terzo sinodo diocesano in detta chiesa legitimamente congregato, &amp; celebrato dall&apos;illustriss. &amp; reuerendiss. monsign. d. Gasparo Ceruantes di Gaete, arciuescouo di Salerno l&apos;anno MDLXVII. Vanno ancora inserte altre constitutioni fatte l&apos;anno del 1565 publicate nel primo sinodo, &amp; poste nelli titoli doue si tratta la materia di quelle</subfield>
  </datafield>
  <datafield tag="210" ind1=" " ind2=" ">
    <subfield code="a">In Roma</subfield>
    <subfield code="c">per li heredi di Valerio &amp; Aloisio Dorici</subfield>
    <subfield code="d">1568</subfield>
  </datafield>
  <datafield tag="215" ind1=" " ind2=" ">
    <subfield code="a">\1!, 46 c.</subfield>
    <subfield code="d">4ʻ</subfield>
  </datafield>
  <datafield tag="620" ind1=" " ind2=" ">
    <subfield code="a">IT</subfield>
    <subfield code="d">Roma</subfield>
  </datafield>
  <datafield tag="710" ind1="0" ind2="2">
    <subfield code="a">Salerno</subfield>
    <subfield code="c"> &lt;Arcidiocesi&gt;</subfield>
    <subfield code="3">6849</subfield>
  </datafield>
  <datafield tag="712" ind1="0" ind2="0">
    <subfield code="a">Dorico, Valerio - eredi &amp; Dorico, Luigi - eredi</subfield>
    <subfield code="3">IT\ICCU\CNCT\001695</subfield>
    <subfield code="4">650</subfield>
  </datafield>
  <datafield tag="801" ind1=" " ind2="3">
    <subfield code="a">IT</subfield>
    <subfield code="b">ICCU</subfield>
    <subfield code="c">20201115</subfield>
  </datafield>
  <datafield tag="911" ind1=" " ind2=" ">
    <subfield code="a">Sul front.</subfield>
    <subfield code="9">IT\ICCU\CNCM\000007</subfield>
  </datafield>
  <datafield tag="921" ind1=" " ind2=" ">
    <subfield code="a">IT\ICCU\CNCM\000007</subfield>
    <subfield code="b">Pegaso traina sul suo carro Bellerofonte che tiene una fiaccola</subfield>
    <subfield code="e">Invia virtuti nulla est via.</subfield>
    <subfield code="c">V213</subfield>
    <subfield code="c">Z945</subfield>
    <subfield code="f">BELLEROFON</subfield>
    <subfield code="f">BIGA</subfield>
    <subfield code="f">INVIAVIRTU</subfield>
    <subfield code="f">PEGASO</subfield>
    <subfield code="g">1555-1595</subfield>
  </datafield>
</record>
</collection>
